@misc{nodered,
  title = {Node-RED Documentation},
  howpublished = {\url{https://nodered.org/docs/}},
  note = {Accessed: 2025-10-16}
}

@misc{pandas,
  title = {Python pandas Documentation},
  howpublished = {\url{https://pandas.pydata.org/docs/}},
  note = {Accessed: 2025-10-16}
}

@misc{matplotlib,
  title = {Matplotlib Documentation},
  howpublished = {\url{https://matplotlib.org/stable/contents.html}},
  note = {Accessed: 2025-10-16}
}

@misc{seaborn,
  title = {Seaborn Documentation},
  howpublished = {\url{https://seaborn.pydata.org/}},
  note = {Accessed: 2025-10-16}
}

@misc{sqlite,
  title = {SQLite Documentation},
  howpublished = {\url{https://www.sqlite.org/docs.html}},
  note = {Accessed: 2025-10-16}
}

@misc{openmeteo,
  author = {{Open-Meteo}},
  title = {Open-Meteo Historical Weather API},
  howpublished = {\url{https://open-meteo.com/en/docs/historical-weather-api}},
  note = {Accessed: 2025-10-16},
  year = {2025}
}
